@inproceedings{anders2009,
  title={A computational model that generalises Schoenbergâ€™s guidelines for favourable chord progressions},
  author={Anders, Torsten and Miranda, Eduardo R},
  booktitle={Proceedings of the Sound and Music Computing Conference},
  pages={48--52},
  year={2009},
  organization={Citeseer}
}

@article{ariza2009,
  title={The interrogator as critic: The turing test and the evaluation of generative music systems},
  author={Ariza, Christopher},
  journal={Computer Music Journal},
  volume={33},
  number={2},
  pages={48--70},
  year={2009},
  publisher={JSTOR}
}

@article{baum1966,
  title={Statistical inference for probabilistic functions of finite state Markov chains},
  author={Baum, Leonard E and Petrie, Ted},
  journal={The annals of mathematical statistics},
  volume={37},
  number={6},
  pages={1554--1563},
  year={1966},
  publisher={JSTOR}
}

@inproceedings{burnett2012,
  title={Validation of Harmonic Progression Generator Using Classical Music.},
  author={Burnett, Adam and Khor, Evon and Pasquier, Philippe and Eigenfeldt, Arne},
  booktitle={ICCC},
  pages={126--133},
  year={2012}
}

@inproceedings{chen2020,
  title={Chord Jazzification: Learning Jazz interpretations of chord symbols},
  author={Chen, Tsung-Ping and Fukayama, Satoru and Goto, Masataka and Su, Li},
  booktitle={Proc. Int. Society for Music Information Retrieval Conf},
  year={2020}
}

@inproceedings{eigenfeldt2010,
  title={Realtime generation of harmonic progressions using controlled Markov selection},
  author={Eigenfeldt, Arne and Pasquier, Philippe},
  booktitle={Proceedings of ICCC-X-Computational Creativity Conference},
  pages={16--25},
  year={2010}
}

@inproceedings{brunner2017,
  title={JamBot: Music theory aware chord based generation of polyphonic music with LSTMs},
  author={Brunner, Gino and Wang, Yuyi and Wattenhofer, Roger and Wiesendanger, Jonas},
  booktitle={2017 IEEE 29th International Conference on Tools with Artificial Intelligence (ICTAI)},
  pages={519--526},
  year={2017},
  organization={IEEE}
}

@inproceedings{cheng2008,
  title={Automatic chord recognition for music classification and retrieval},
  author={Cheng, Heng-Tze and Yang, Yi-Hsuan and Lin, Yu-Ching and Liao, I-Bin and Chen, Homer H},
  booktitle={2008 IEEE International Conference on Multimedia and Expo},
  pages={1505--1508},
  year={2008},
  organization={IEEE}
}

@inproceedings{madaghiele2021,
  title={MINGUS: Melodic improvisation neural generator using Seq2Seq},
  author={Madaghiele, Vincenzo and Lisena, Pasquale and Troncy, Rapha{\"e}l},
  booktitle={22nd International Society for Music Information Retrieval Conference},
  year={2021}
}

@article{miller1950,
  title={Verbal context and the recall of meaningful material},
  author={Miller, George A and Selfridge, Jennifer A},
  journal={The American journal of psychology},
  volume={63},
  number={2},
  pages={176--185},
  year={1950},
  publisher={JSTOR}
}

@article{mozer1994,
  title={Neural network music composition by prediction: Exploring the benefits of psychoacoustic constraints and multi-scale processing},
  author={Mozer, Michael C},
  journal={Connection Science},
  volume={6},
  number={2-3},
  pages={247--280},
  year={1994},
  publisher={Taylor \& Francis}
}

@inproceedings{ogihara2008,
  title={N-Gram Chord Profiles for Composer Style Representation.},
  author={Ogihara, Mitsunori and Li, Tao},
  booktitle={ISMIR},
  pages={671--676},
  year={2008},
  organization={Citeseer}
}

@inproceedings{pachet2002,
  title={Playing with virtual musicians: the continuator in practice},
  author={Pachet, Fran{\c{c}}ois},
  booktitle={Journ{\'e}es d'Informatique Musicale},
  year={2002}
}

@article{ponsford1999,
  title={Statistical learning of harmonic movement},
  author={Ponsford, Dan and Wiggins, Geraint and Mellish, Chris},
  journal={Journal of New Music Research},
  volume={28},
  number={2},
  pages={150--177},
  year={1999},
  publisher={Taylor \& Francis}
}

@article{rissanen1983,
  title={A universal data compression system},
  author={Rissanen, Jorma},
  journal={IEEE Transactions on information theory},
  volume={29},
  number={5},
  pages={656--664},
  year={1983},
  publisher={IEEE}
}

@article{shannon1951,
  title={Prediction and entropy of printed English},
  author={Shannon, Claude E},
  journal={Bell system technical journal},
  volume={30},
  number={1},
  pages={50--64},
  year={1951},
  publisher={Wiley Online Library}
}

@inproceedings{shukla2018,
  title={An automatic chord progression generator based on reinforcement learning},
  author={Shukla, Shipra and Banka, Haider},
  booktitle={2018 International Conference on Advances in Computing, Communications and Informatics (ICACCI)},
  pages={55--59},
  year={2018},
  organization={IEEE}
}

@inproceedings{pudaruth2014,
  title={Automated generation of song lyrics using CFGs},
  author={Pudaruth, Sameerchand and Amourdon, Sandiana and Anseline, Joey},
  booktitle={2014 Seventh International Conference on Contemporary Computing (IC3)},
  pages={613--616},
  year={2014},
  organization={IEEE}
}

@inproceedings{whorley2007,
  title={Systematic evaluation and improvement of statistical models of harmony},
  author={Whorley, Raymond P and Wiggins, Geraint A and Pearce, Marcus T},
  booktitle={Proceedings of the 4th International Joint Workshop on Computational Creativity},
  pages={81--88},
  year={2007},
  organization={Goldsmiths, University of London London}
}

@article{wu2019,
  title={A hierarchical recurrent neural network for symbolic melody generation},
  author={Wu, Jian and Hu, Changran and Wang, Yulong and Hu, Xiaolin and Zhu, Jun},
  journal={IEEE transactions on cybernetics},
  volume={50},
  number={6},
  pages={2749--2757},
  year={2019},
  publisher={IEEE}
}

@article{yang2020,
  title={On the evaluation of generative models in music},
  author={Yang, Li-Chia and Lerch, Alexander},
  journal={Neural Computing and Applications},
  volume={32},
  number={9},
  pages={4773--4784},
  year={2020},
  publisher={Springer}
}